@book{tanenbaum,
 author = {Tanenbaum, Andrew S. and Steen, Maarten van},
 title = {Distributed Systems: Principles and Paradigms (2Nd Edition)},
 year = {2006},
 isbn = {0132392275},
 publisher = {Prentice-Hall, Inc.},
 address = {Upper Saddle River, NJ, USA},
} 

@misc{STANDARD,
	author = {{ISO/IEC/IEEE 24765:2010 Systems and software engineering - Vocabulary}},
	title = {Available at: \url{https://www.iso.org/obp/ui/#iso:std:iso-iec-ieee:24765:ed-1:v1:en}}
}

@INPROCEEDINGS{using, 
author={Antoni, L. and Leveugle, R. and Feher, B.}, 
booktitle={Defect and Fault Tolerance in VLSI Systems, 2002. DFT 2002. Proceedings. 17th IEEE International Symposium on}, 
title={Using run-time reconfiguration for fault injection in hardware prototypes}, 
year={2002}, 
month={}, 
pages={245-253}, 
keywords={VLSI;fault tolerance;field programmable gate arrays;hardware description languages;integrated circuit design;integrated memory circuits;network routing;radiation effects;reconfigurable architectures;SEU;design description;fault injection;hardware overheads;hardware prototypes;memory elements;particle hits;radiation;reconfigurable hardware;route phases;run-time reconfiguration;Circuit faults;Circuit synthesis;Circuit testing;Field programmable gate arrays;Hardware;Laboratories;Power system modeling;Prototypes;Runtime;Single event upset}, 
doi={10.1109/DFTVS.2002.1173521}, 
ISSN={1550-5774},}

@misc{simian,
author = {C. Bennett and A. Tseitlin},
title = {Chaos monkey released into the wild},
year={(July 30. 2012)},
publisher = {Netﬂix tech blog},
howpublished = "\url{http://techblog.netflix.com/2012/07/chaos-monkey-released-into-wild.html}"
}

@article{gunawi2011failure,
  title={Failure as a service (faas): A cloud service for large-scale, online failure drills},
  author={Gunawi, Haryadi S and Do, Thanh and Hellerstein, Joseph M and Stoica, Ion and Borthakur, Dhruba and Robbins, Jesse},
  journal={University of California, Berkeley},
  volume={3},
  year={2011}
}

@article{woskowskiassessing,
  title={Assessing the Applicability of the Let-it-Crash Paradigm for Safety-Related Software Development},
  author={Woskowski, Christoph and Trzeciecki, Mikolaj and Schwedes, Florian},
  journal={Technical Report},
  year = {2013}
}


@inproceedings{FaaS,
 author = {Faghri, Faraz and Bazarbayev, Sobir and Overholt, Mark and Farivar, Reza and Campbell, Roy H. and Sanders, William H.},
 title = {{Failure Scenario As a Service (FSaaS) for Hadoop Clusters}},
 booktitle = {Proc. of SDMCMM '12},
 year = {2012},
 isbn = {978-1-4503-1615-6},
 location = {Montreal, Quebec, Canada},
 articleno = {5},
 numpages = {6},
 publisher = {ACM},
 } 


@misc{AnarchyApe,
title     = "AnarchyApe",
howpublished =  "\url{https://github.com/david78k/anarchyape/}"
}


@article{designresearch,
        author={Collins,Allan and Joseph,Diana and Bielaczyc,Katerine},
        year={2004},
        title={Design Research: Theoretical and Methodological Issues},
        journal={Journal of the Learning Sciences},
        volume={13},
        number={1},
        pages={15-42},
        isbn={1050-8406},
        language={English},
        url={www.summon.com},
}





@article{systematic,
        author={Kitchenham,Barbara and Pearl Brereton,O. and Budgen,David and Turner,Mark and Bailey,John and Linkman,Stephen},
        year={2009},
        title={Systematic literature reviews in software engineering – A systematic literature review},
        journal={Information and Software Technology},
        volume={51},
        number={1},
        pages={7-15},
        isbn={0950-5849},
        language={English},
        url={www.summon.com},
}
}




@article{guidelines,
        author={Kitchenham,B. A. and Pfleeger,S. L. and Pickard,L. M. and Jones,P. W. and Hoaglin,D. C. and El Emam,K. and Rosenberg,J.},
        year={2002},
        title={Preliminary guidelines for empirical research in software engineering},
        journal={IEEE Transactions on Software Engineering},
        volume={28},
        number={8},
        pages={721-734},
        isbn={0098-5589},
        language={English},
        url={www.summon.com},
}
}




@book{experimentation,
        author={Wohlin,Claes and Ohlsson,Magnus C. and Wesslén,Anders and Höst,Martin and Runeson,Per and Regnell,Björn and School of Computing and Blekinge Tekniska Högskola and Blekinge Institute of Technology and Sektionen för datavetenskap och kommunikation},
        year={2012},
        title={Experimentation in Software Engineering},
        isbn={3642290434; 9783642290435},
        language={English},
        url={www.summon.com},
}
}



@article{random,
        author={Arcuri,A. and Iqbal,M. Z. and Briand,L.},
        year={2012; 2011},
        title={Random Testing: Theoretical Results and Practical Implications},
        journal={IEEE Transactions on Software Engineering},
        volume={38},
        number={2},
        pages={258-277},
        isbn={0098-5589},
        language={English},
        url={www.summon.com},
}
}




@misc{ software,
author={Saini,Dinesh K.},
        year={2012},
        title={Software Testing for Embedded Systems},
        journal={International Journal of Computer Applications},
        volume={43},
        number={17},
        pages={1-6},
        abstract={  In the recent years, embedded systems have become so complex that the development and testing time is becoming extremely time consuming. As embedded systems include more and more functions for new services, embedded systems are presenting challenges with respect to the attributes of security, scalability availability, and performance with deterministic behavior. This paper presents the issues that affect testing process and technologies, which can be ameliorated by Rational Test Real-Time (RT-RT). Generally Object Oriented Approach is adopted while designing the embedded systems so all the architectural specification is analyzed in the paper.;   In the recent years, embedded systems have become so complex that the development and testing time is becoming extremely time consuming. As embedded systems include more and more functions for new services, embedded systems are presenting challenges with respect to the attributes of security, scalability availability, and performance with deterministic behavior. This paper presents the issues that affect testing process and technologies, which can be ameliorated by Rational Test Real-Time (RT-RT). Generally Object Oriented Approach is adopted while designing the embedded systems so all the architectural specification is analyzed in the paper.},
        isbn={0975-8887},
        language={English},
        url={www.summon.com},
}

@inproceedings{dawson1996testing,
  title={Testing of fault-tolerant and real-time distributed systems via protocol fault injection},
  author={Dawson, Scott and Jahanian, Farnam and Mitton, Todd and Tung, Teck-Lee},
  booktitle={Proc. of Annual Symp. on Fault Tolerant Computing},
  year={1996},
  organization={IEEE}
}

@INPROCEEDINGS{towards, 
author={Fredericks, E.M. and Ramirez, A.J. and Cheng, B.H.C.}, 
booktitle={In Proc of SEAMS2013}, 
title={Towards run-time testing of dynamic adaptive systems}, 
year={2013}, 
keywords={formal specification;formal verification;program testing;DAS constraint;DAS requirement;dynamic adaptive system;requirements-aware DAS;run-time monitoring;run-time testing;test adaptation;Adaptive systems;Context;Monitoring;Planning;Smart homes;Software;Testing}, 
doi={10.1109/SEAMS.2013.6595504}, 
ISSN={2157-2305},}

@article{ResMethod,
author = { Allan   Collins  and  Diana   Joseph  and  Katerine   Bielaczyc },
title = {Design Research: Theoretical and Methodological Issues},
journal = {Journal of the Learning Sciences},
volume = {13},
number = {1},
pages = {15-42},
year = {2004},
doi = {10.1207/s15327809jls1301\_2},
}

@misc{availability,
        author={Ericsson},
        title={{High Availability is more than five nines}},
        year={2014},
          urldate={2015-02-16},
        howpublished ="\url{http://www.ericsson.com/real-performance/wp-content/uploads/sites/3/2014/07/high-avaialbility.pdf}",
}

@misc{pmf,
        author={Ericsson},
        title={{PM FrameWork Documentation}},
        year={2014},
          urldate={2015-02-16},
        howpublished ="\url{https://vkia.rnd.ericsson.se/proj/crbs/hd_pm_fwk/doc/LATEST/introduction.html}",
}

@misc{lessons,
        author={Netflix},
        title={{5 Lessons Weve Learned Using AWS}},
        year={December 2010},
        howpublished ="\url{http://techblog.netflix.com/2010/12/5-lessons-weve-learned-using-aws.html}",
}

@misc{Unit_testing,
        title={{Unit testing}},
        howpublished ="\url{http://en.wikipedia.org/wiki/Unit_testing}",
}

@misc{Mock_object,
       
        title={{Mock Object}},
        howpublished ="\url{http://en.wikipedia.org/wiki/Mock_object}",
}

@misc{Wireless,
       
        title={{Wireless 802.11n}},
        howpublished ="\url{https://en.wikipedia.org/wiki/IEEE_802.11n-2009}",
}

@article{Binder1994,
 author = {Binder, Robert V.},
 title = {Object-oriented Software Testing},
 journal = {Commun. ACM},
 issue_date = {Sept. 1994},
 volume = {37},
 number = {9},
 month = sep,
 year = {1994},
 issn = {0001-0782},
 numpages = {2},
 doi = {10.1145/182987.182988},
 acmid = {182988},
 publisher = {ACM},
 address = {New York, NY, USA},
} 

@article{Ali2014,
 author = {Ali, Midhat and Bertolino, Antonia and De Angelis, Francesco and De Angelis, Guglielmo and Fani, Daniele and Polini, Andrea},
 title = {An Extensible Framework for Online Testing of Choreographed Services},
 journal = {Computer},
 issue_date = {February 2014},
 volume = {47},
 number = {2},
 month = feb,
 year = {2014},
 issn = {0018-9162},
 pages = {23--29},
 numpages = {7},
 publisher = {IEEE Computer Society Press},
} 

@ARTICLE{Bertolino2012, 
author={A. Bertolino and G. De Angelis and S. Kellomaki and A. Polini}, 
journal={Computer}, 
title={Enhancing Service Federation Trustworthiness through Online Testing}, 
year={2012}, 
volume={45}, 
number={1}, 
pages={66-72}, 
ISSN={0018-9162}, 
month={Jan},}

@incollection{Mackinnon2001,
 author = {Mackinnon, Tim and Freeman, Steve and Craig, Philip},
 chapter = {Endo-testing: Unit Testing with Mock Objects},
 title = {Extreme Programming Examined},
 editor = {Succi, Giancarlo and Marchesi, Michele},
 year = {2001},
 isbn = {0-201-71040-4},
 pages = {287--301},
 numpages = {15},
 url = {http://dl.acm.org/citation.cfm?id=377517.377534},
 acmid = {377534},
 publisher = {Addison-Wesley Longman Publishing Co., Inc.},
 address = {Boston, MA, USA},
} 

@inproceedings{Canini2011,
 author = {Canini, Marco and Jovanovi\'{c}, Vojin and Venzano, Daniele and Novakovi\'{c}, Dejan and Kosti\'{c}, Dejan},
 title = {Online Testing of Federated and Heterogeneous Distributed Systems},
 booktitle = {Proceedings of SIGCOMM '11},
 year = {2011},
 numpages = {2},
 doi = {10.1145/2018436.2018507},
 acmid = {2018507},
 publisher = {ACM},
 keywords = {fault detection, federated and heterogeneous distributed systems, online testing},
}

@INPROCEEDINGS{Wang2002, 
author={Qianxiang Wang and Feng Chen and Hong Mei and Fuqing Yang}, 
booktitle={Proc of Int. Conf. on Software Maintenance}, 
title={An application server to support online evolution}, 
year={2002}, 
ISSN={1063-6773}, 
}

@article{Seaman2008,
 author = {Seaman, Carolyn B.},
 title = {Software Maintenance: Concepts and Practice},
 journal = {J. Softw. Maint. Evol.},
 volume = {20},
 number = {6},
 year = {2008},
 issn = {1532-060X},
 numpages = {4},
 doi = {10.1002/smr.v20:6},
 acmid = {1464379},
 publisher = {John Wiley \& Sons, Inc.}
} 

@INPROCEEDINGS{combination, 
author={Y. K. Malaiya}, 
booktitle={Proc of Int. Symposium on Software Reliability Eng.}, 
title={Antirandom testing: getting the most out of black-box testing}, 
year={1995}, 
ISSN={1071-9458}, 
}

@INPROCEEDINGS{verification_testing, 
author={A. Metzger and E. Schmieders and O. Sammodi and K. Pohl}, 
booktitle={Workshop on S-Cube}, 
title={Verification and testing at run-time for online quality prediction}, 
year={2012}, 
pages={49-50}, 
month={June},}


        @misc{hadoop,
       
        title={{Apache Hadoop}},
        howpublished ="\url{http://en.wikipedia.org/wiki/Apache_Hadoop}",
}


@misc{mapreduce,
       
        title={{MapReduce}},
        howpublished ="\url{http://en.wikipedia.org/wiki/MapReduce}",
}


@inproceedings{combinationtesting,
  title={Increasing Efficiency of ISO 26262 Verification and Validation by Combining Fault Injection and Mutation Testing with Model based Development.},
  author={Rana, Rakesh and Staron, Miroslaw and Berger, Christian and Hansson, J{\"o}rgen and Nilsson, Martin and T{\"o}rner, Fredrik},
  booktitle={ICSOFT},
  pages={251--257},
  year={2013}
}

@ARTICLE{hsueh, 
author={Mei-Chen Hsueh and Tsai, T.K. and Iyer, R.K.}, 
journal={Computer}, 
title={Fault injection techniques and tools}, 
year={1997}, 
month={Apr}, 
volume={30}, 
number={4}, 
pages={75-82}, 
doi={10.1109/2.585157}, 
ISSN={0018-9162},}

@inproceedings{rana2013improving,
  title={Improving Fault Injection in Automotive Model Based Development using Fault Bypass Modeling.},
  author={Rana, Rakesh and Staron, Miroslaw and Berger, Christian and Hansson, J{\"o}rgen and Nilsson, Martin and T{\"o}rner, Fredrik},
  booktitle={GI-Jahrestagung},
  pages={2577--2591},
  year={2013}
}




@article{deterministic, 
        author={Avritzer,Alberto and Larson,Brian},
        year={1993},
        title={Load testing software using deterministic state testing},
        journal={ACM SIGSOFT Software Engineering Notes},
        volume={18},
        number={3},
        pages={82-88},
                isbn={0163-5948},
        language={English},
}



@INPROCEEDINGS{nondeterministic, 
author={P. Ramachandran and P. Kudva and J. Kellington and J. Schumann and P. Sanda}, 
booktitle={Int. Conf. on Dependable Systems and Networks With FTCS and DCC (DSN)}, 
title={Statistical Fault Injection}, 
year={2008}, 
ISSN={1530-0889}, 
}

@misc{connected_deveices,
        author={Ericsson},
        title={{Mobility Report}},
        year={2015},
          urldate={2015-06-1},
        howpublished ="\url{http://www.ericsson.com/res/docs/2015/ericsson-mobility-report-june-2015.pdf}",
}


@book{  software_arch,
        author={Bass,Len and Clements,Paul and Kazman,Rick},
        year={2012},
        title={Software architecture in practice},
        publisher={Addison-Wesley},
        address={Upper Saddle River, N.J},
        edition={3.},
        keywords={Datorprogram Utveckling; Software architecture;          Datorarkitektur; Computer architecture; Computer software Development;    Software development; System design; Programvara Utveckling},
        isbn={9780321815736; 0321815734},
        language={English},
}




@article{testselectionnondeterministic,
        author={Luo,Gang and von Bochmann,G. and Petrenko,A.},
        year={1994},
        title={Test selection based on communicating nondeterministic finite-state machines using a generalized Wp-method},
        journal={IEEE Transactions on Software Engineering},
        volume={20},
        number={2},
        pages={149-162},
        isbn={0098-5589},
        language={English},
 
}
}


@inproceedings{feldt2010validity,
  title={Validity Threats in Empirical Software Engineering Research-An Initial Survey.},
  author={Feldt, Robert and Magazinius, Ana},
  booktitle={SEKE},
  pages={374--379},
  year={2010}
}



@article{robust,
        author={Mariani,Riccardo and Boschi,Gabriele},
        year={2005},
        title={A system-level approach for embedded memory robustness},
        journal={Solid State Electronics},
        volume={49},
        number={11},
        pages={1791-1798},
        
        isbn={0038-1101},
        language={English},
        }
}





@article{robust2,
        author={Vadlamudi,Satya G. and Chakrabarti,Partha P.},
        year={2014},
        title={Robustness Analysis of Embedded Control Systems with Respect to Signal Perturbations: Finding Minimal Counterexamples Using Fault Injection},
        journal={IEEE Transactions on Dependable and Secure Computing},
        volume={11},
        number={1},
        pages={45-58},
        isbn={1545-5971},
        language={English},
  }
}

@article{criticalsys_dep,
        author={Samuel,Anil A. and N,Jayalal and B,Valsa and C.A,Ignatious and Zachariah,John P.},
        year={2013},
        title={Software Fault Injection Testing of the Embedded Software of a Satellite Launch Vehicle},
        journal={IEEE Potentials},
        volume={32},
        number={5},
        pages={38-44},
        isbn={0278-6648},
        language={English},
	}

